@article{kumaresan1982estimating,
  title={Estimating the parameters of exponentially damped sinusoids and pole-zero modeling in noise},
  author={Kumaresan, Ramdas and Tufts, Donald},
  journal={IEEE Transactions on Acoustics, Speech, and Signal Processing},
  volume={30},
  number={6},
  pages={833--840},
  year={1982},
  publisher={IEEE}
}

@article{hua1990matrix,
  title={Matrix pencil method for estimating parameters of exponentially damped/undamped sinusoids in noise},
  author={Hua, Yingbo and Sarkar, Tapan K}, journal={IEEE Transactions on Acoustics, Speech, and Signal Processing},
  volume={38},
  number={5},
  pages={814--824},
  year={1990},
  publisher={IEEE}
}

@article{kung1983state,
author = {S. Y. Kung and K. S. Arun and D. V. Bhaskar Rao},
journal = {Journal of the Optical Society of America},
number = {12},
pages = {1799--1811},
publisher = {OSA},
title = {State-space and singular-value decomposition-based approximation methods for the harmonic retrieval problem},
volume = {73},
month = {Dec},
year = {1983},
} 

@article{akaike1969fitting,
  title={Fitting autoregressive models for prediction},
  author={Akaike, Hirotugu},
  journal={Annals of the Institute of Statistical Mathematics},
  volume={21},
  number={1},
  pages={243--247},
  year={1969},
  publisher={Springer}
}

@inproceedings{roy1986estimation,
author={R. Roy and A. Paulraj and T. Kailath},
booktitle={Military Communications Conference - Communications-Computers: Teamed for the 90's, 1986. MILCOM 1986. IEEE},
title={Estimation of Signal Parameters via Rotational Invariance Techniques - {ESPRIT}},
year={1986},
volume={3},
number={},
pages={41.6.1-41.6.5},
month={Oct},}

@article{schmid2010dynamic,
  title={Dynamic mode decomposition of numerical and experimental data},
  author={Schmid, Peter J},
  journal={Journal of Fluid Mechanics},
  volume={656},
  pages={5--28},
  year={2010},
  publisher={Cambridge University Press}
}

@article{tu2013dynamic,
title = {On dynamic mode decomposition: {Theory} and applications},
journal = {Journal of Computational Dynamics},
volume = {1},
number = {2},
pages = {391-421},
year = {2014},
author = {Jonathan H. Tu and Clarence W. Rowley and Dirk M. Luchtenburg and Steven L. Brunton and J. Nathan Kutz}
}

@article{arbabi2016ergodic,
  title={Ergodic theory, dynamic mode decomposition, and computation of spectral properties of the {Koopman} operator},
  author={Arbabi, Hassan and Mezic, Igor},
  journal={SIAM Journal on Applied Dynamical Systems},
  volume={16},
  number={4},
  pages={2096--2126},
  year={2017},
  publisher={SIAM}
}

@inproceedings{susuki2015prony,
author={Y. Susuki and I. Mezic},
booktitle={2015 54th IEEE Conference on Decision and Control (CDC)},
title={A {Prony} approximation of {Koopman} Mode Decomposition},
year={2015},
pages={7022-7027},
month={Dec},}

@inproceedings{hua1991svd,
author={Y. Hua and T. K. Sarkar},
booktitle={1991., IEEE International Sympoisum on Circuits and Systems},
title={On {SVD} for estimating generalized eigenvalues of singular matrix pencil in noise},
year={1991},
volume={},
number={},
pages={2780-2783 vol.5},
month={June},}

@article{dawson2016characterizing,
  title={Characterizing and correcting for the effect of sensor noise in the dynamic mode decomposition},
  author={Dawson, Scott TM and Hemati, Maziar S and Williams, Matthew O and Rowley, Clarence W},
  journal={Experiments in Fluids},
  volume={57},
  number={3},
  pages={42},
  year={2016},
  publisher={Springer}
}

@article{zoltowski1989sensor,
author={M. D. Zoltowski and D. Stavrinides},
journal={IEEE Transactions on Acoustics, Speech, and Signal Processing},
title={Sensor array signal processing via a {Procrustes} rotations based eigenanalysis of the {ESPRIT} data pencil},
year={1989},
volume={37},
number={6},
pages={832-861},
month={Jun},}

@article{dahmen2009background,
	author = {Dahmen, Ulrich and Erni, Rolf and Radmilovic, Velimir and Ksielowski, Christian and Rossell, Marta Dacil and Denes, Peter},
	title = {Background, status and future of the Transmission Electron Aberration-corrected Microscope project},
	volume = {367},
	number = {1903},
	pages = {3795--3808},
	year = {2009},
	publisher = {The Royal Society},
	journal = {Philosophical Transactions of the Royal Society A: Mathematical, Physical and Engineering Sciences}
}

@book{gantmakher1998theory,
  title={The theory of matrices},
  author={Gantmakher, Feliks Ruvimovich},
  volume={131},
  year={1998},
  publisher={American Mathematical Soc.}
}

@article{abraham2014machine,
  title={Machine learning for neuroimaging with scikit-learn},
  author={Abraham, Alexandre and Pedregosa, Fabian and Eickenberg, Michael and Gervais, Philippe and Mueller, Andreas and Kossaifi, Jean and Gramfort, Alexandre and Thirion, Bertrand and Varoquaux, Ga{\"e}l},
  journal={Frontiers in neuroinformatics},
  volume={8},
  year={2014},
  publisher={Frontiers Media SA}
}

@article{ward1963hierarchical,
 author = {Joe H. Ward},
 journal = {Journal of the American Statistical Association},
 number = {301},
 pages = {236-244},
 publisher = {[American Statistical Association, Taylor & Francis, Ltd.]},
 title = {Hierarchical Grouping to Optimize an Objective Function},
 volume = {58},
 year = {1963}
}

@inproceedings{kalpakis2001distance,
  title={Distance measures for effective clustering of {ARIMA} time-series},
  author={Kalpakis, Konstantinos and Gada, Dhiral and Puttagunta, Vasundhara},
  booktitle={Data Mining, 2001. ICDM 2001, Proceedings IEEE International Conference on},
  pages={273--280},
  year={2001},
  organization={IEEE}
}

@article{juang1985eigensystem,
  title={An eigensystem realization algorithm for modal parameter identification and model reduction},
  author={Juang, Jer Nan and Pappa, Richard S},
  journal={Journal of Guidance, Control, and Dynamics},
  volume={8},
  number={5},
  pages={620--627},
  year={1985}
}

@book{lumley1970stochastic,
  title={Stochastic Tools in Turbulence},
  author={Lumley, John L},
  year={1970},
  publisher={Academic Press New York}
}

@article{hotelling1933analysis,
  title={Analysis of a complex of statistical variables into principal components.},
  author={Hotelling, Harold},
  journal={Journal of Educational Psychology},
  volume={24},
  number={6},
  pages={417},
  year={1933},
  publisher={Warwick \& York}
}

@article{rowley2005model,
  title={Model Reduction for Fluids, Using Balanced Proper Orthogonal Decomposition},
  author={Rowley, CW},
  journal={International Journal of Bifurcation and Chaos},
  volume={15},
  pages={997--1013},
  year={2005}
}

@article{hua1990total,
author={Y. Hua and T. K. Sarkar},
journal={IEEE Transactions on Acoustics, Speech, and Signal Processing},
title={On the total least squares linear prediction method for frequency estimation},
year={1990},
volume={38},
number={12},
pages={2186-2189},
month={Dec},}

@inproceedings{hua1988matrix,
author={Y. Hua and T. K. Sarkar},
booktitle={ICASSP-88., International Conference on Acoustics, Speech, and Signal Processing},
title={Matrix pencil method and its performance},
year={1988},
volume={},
number={},
pages={2476-2479 vol.4},
month={April},}

@article{kumaresan1984prony,
author={R. Kumaresan and D. W. Tufts and L. L. Scharf},
journal={Proceedings of the IEEE},
title={A Prony method for noisy data: {Choosing} the signal components and selecting the order in exponential signal models},
year={1984},
volume={72},
number={2},
pages={230-233},
month={Feb},}

@book{van1991total,
  title={The Total Least Squares Problem: {Computational} Aspects and Analysis},
  author={Van Huffel, Sabine and Vandewalle, Joos},
  year={1991},
  publisher={SIAM}
}

@article{liao2005clustering,
title = {Clustering of time series data--a survey},
journal = {Pattern Recognition},
volume = {38},
number = {11},
pages = {1857 - 1874},
year = {2005},
author = {T. Warren Liao},
}

@article{jacques2014functional,
author="Jacques, Julien
and Preda, Cristian",
title="Functional data clustering: a survey",
journal="Advances in Data Analysis and Classification",
year="2014",
month="Sep",
day="01",
volume="8",
number="3",
pages="231--255",
}

@inproceedings{macqueen1967some,
  title={Some methods for classification and analysis of multivariate observations},
  author={MacQueen, James},
  booktitle={Proceedings  of  the  Fifth  Berkeley Symposium  on  Mathematical  Statistics  and Probability},
  volume={1},
  pages={281--297},
  year={1967},
  organization={Oakland, CA, USA.}
}

@book{bezdek2013pattern,
  title={Pattern recognition with fuzzy objective function algorithms},
  author={Bezdek, James C},
  year={2013},
  publisher={Springer Science \& Business Media}
}

@article{welch1967use,
author={P. Welch},
journal={IEEE Transactions on Audio and Electroacoustics},
title={The use of fast {Fourier} transform for the estimation of power spectra: {A} method based on time averaging over short, modified periodograms},
year={1967},
volume={15},
number={2},
pages={70-73},
month={Jun},}

@article{fischler1981random,
  title={Random Sample Consensus: {A} Paradigm for Model Fitting with Applications to Image Analysis and Automated Cartography},
  author={Fischler, Martin A and Bolles, Robert C},
  journal={Communications of the ACM},
  volume={24},
  number={6},
  pages={381--395},
  year={1981},
  publisher={ACM}
}

@article{shaw1992using,
  title={Using cluster analysis to classify time series},
  author={Shaw, CT and King, GP},
  journal={Physica D: Nonlinear Phenomena},
  volume={58},
  number={1-4},
  pages={288--298},
  year={1992},
  publisher={Elsevier}
}

@inproceedings{xiong2002mixtures,
author={Yimin Xiong and Dit Yan Yeung},
booktitle={2002 IEEE International Conference on Data Mining, 2002. Proceedings.},
title={Mixtures of {ARMA} models for model-based time series clustering},
year={2002},
volume={},
number={},
pages={717-720},
month={},}

@article{piccolo1990distance,
  title={A distance measure for classifying ARIMA models},
  author={Piccolo, Domenico},
  journal={Journal of Time Series Analysis},
  volume={11},
  number={2},
  pages={153--164},
  year={1990},
  publisher={Wiley Online Library}
}

@article{murtagh1985survey,
author = {Murtagh, F.},
title = {A Survey of Algorithms for Contiguity-constrained Clustering and Related Problems},
journal = {The Computer Journal},
volume = {28},
number = {1},
pages = {82-88},
year = {1985},
}

@article{openshaw1977geographical,
 author = {S. Openshaw},
 journal = {Transactions of the Institute of British Geographers},
 number = {4},
 pages = {459-472},
 title = {A Geographical Solution to Scale and Aggregation Problems in Region-Building, Partitioning and Spatial Modelling},
 volume = {2},
 year = {1977}
}


@article{pedregosa2011scikit,
  title={Scikit-learn: {Machine} learning in {Python}},
  author={F. Pedregosa and G. Varoquaux and A. Gramfort and V. Michel and
B. Thirion and O. Grisel and M. Blondel and P. Prettenhofer and
R. Weiss and V. Dubourg and J. Vanderplas and A. Passos and
D. Cournapeau and M. Brucher and M. Perrot and E. Duchesnay},
  journal={Journal of Machine Learning Research},
  volume={12},
  number={Oct},
  pages={2825--2830},
  year={2011}
}

@article{zhang2017online,
  title={Online dynamic mode decomposition for time-varying systems},
  author={Zhang, Hao and Rowley, Clarence W and Deem, Eric A and Cattafesta, Louis N},
  journal={arXiv preprint arXiv:1707.02876},
  year={2017}
}

@book{kaufman2009finding,
  title={Finding Groups in Data: An Introduction to Cluster Analysis},
  author={Kaufman, Leonard and Rousseeuw, Peter J},
  year={1990},
  publisher={Wiley}
}

@article{surana2018koopman,
author={Surana, Amit},
title={Koopman Operator Framework for Time Series Modeling and Analysis},
journal={Journal of Nonlinear Science},
year={2018},
month={Jan},
day={09},
}


@phdthesis{hokanson2013numerically,
  title={Numerically stable and statistically efficient algorithms for large scale exponential fitting},
  author={Hokanson, Jeffrey},
  year={2013},
  school={Rice University}
}


@article{hemati2017biasing,
  Author = {Hemati, M. S. and Rowley, C. W. and Deem, E. A. and Cattafesta, L. N.},
  Journal = {Theoretical and Computational Fluid Dynamics},
  Month = aug,
  Number = {4},
  Pages = {349--368},
  Title = {De-biasing the dynamic mode decomposition for applied {Koopman} spectral analysis of noisy datasets},
  Volume = {31},
  Year = {2017}
}